<collection xmlns="http://www.loc.gov/MARC21/slim">
<record>
  <leader>01332nam a2200337 a 4500</leader>
  <controlfield tag="001">3222080</controlfield>
  <controlfield tag="007">he amb---bbcp</controlfield>
  <controlfield tag="007">he bmb---baap</controlfield>
  <controlfield tag="008">860324s1870    oncb    b     000 0 eng d</controlfield>
  <datafield tag="020" ind1=" " ind2=" ">
    <subfield code="a">0665288700</subfield>
  </datafield>
  <datafield tag="035" ind1=" " ind2=" ">
    <subfield code="a">ocn317952583</subfield>
  </datafield>
  <datafield tag="040" ind1=" " ind2=" ">
    <subfield code="a">CaOOCIHM</subfield>
    <subfield code="b">eng</subfield>
    <subfield code="c">CaOOCIHM</subfield>
    <subfield code="d">AEU</subfield>
  </datafield>
  <datafield tag="043" ind1=" " ind2=" ">
    <subfield code="a">e-ie---</subfield>
  </datafield>
  <datafield tag="082" ind1="0" ind2=" ">
    <subfield code="a">333.322</subfield>
    <subfield code="2">19</subfield>
  </datafield>
  <datafield tag="090" ind1=" " ind2=" ">
    <subfield code="a">FC 02 0203 no. 28870</subfield>
    <subfield code="b">AEU</subfield>
  </datafield>
  <datafield tag="245" ind1="0" ind2="4">
    <subfield code="a">The Land question of Ireland</subfield>
    <subfield code="h">[microform] :</subfield>
    <subfield code="b">being a series of letters published in the &quot;London times&quot;, from their own special commissioner.</subfield>
  </datafield>
  <datafield tag="260" ind1=" " ind2=" ">
    <subfield code="a">Toronto :</subfield>
    <subfield code="b">A.S. Irving,</subfield>
    <subfield code="c">1870.</subfield>
  </datafield>
  <datafield tag="300" ind1=" " ind2=" ">
    <subfield code="a">2 microfiches (83 fr.) :</subfield>
    <subfield code="b">map.</subfield>
  </datafield>
  <datafield tag="490" ind1="1" ind2=" ">
    <subfield code="a">CIHM/ICMH Microfiche series = CIHM/ICMH collection de microfiches ;</subfield>
    <subfield code="v">no. 28870</subfield>
  </datafield>
  <datafield tag="500" ind1=" " ind2=" ">
    <subfield code="a">Includes publishers list.</subfield>
  </datafield>
  <datafield tag="533" ind1=" " ind2=" ">
    <subfield code="a">Filmed from a copy of the original publication held by the Metropolitan Toronto Library, Canadian History Department.</subfield>
    <subfield code="b">Ottawa :</subfield>
    <subfield code="c">Canadian Institute for Historical Microreproductions,</subfield>
    <subfield code="d">1984.</subfield>
  </datafield>
  <datafield tag="534" ind1=" " ind2=" ">
    <subfield code="e">147 p. : map.</subfield>
  </datafield>
  <datafield tag="596" ind1=" " ind2=" ">
    <subfield code="a">43</subfield>
  </datafield>
  <datafield tag="650" ind1=" " ind2="0">
    <subfield code="a">Irish question.</subfield>
  </datafield>
  <datafield tag="650" ind1=" " ind2="0">
    <subfield code="a">Land tenure</subfield>
    <subfield code="z">Ireland.</subfield>
  </datafield>
  <datafield tag="650" ind1=" " ind2="6">
    <subfield code="a">Question irlandaise.</subfield>
  </datafield>
  <datafield tag="650" ind1=" " ind2="6">
    <subfield code="a">Propriété foncière</subfield>
    <subfield code="z">Ir</subfield>
  </datafield>
<!-- No separator at end of field length=36 -->
  <datafield tag="830" ind1="a" ind2="n">
    <subfield code="e">.</subfield>
  </datafield>
<!-- Separator but not at end of field length=45 -->
  <datafield tag="949" ind1="2" ind2="8">
    <subfield code="7">0</subfield>
  </datafield>
<!-- Separator but not at end of field length=22 -->
  <datafield tag="016" ind1="M" ind2="M">
    <subfield code="R">E</subfield>
  </datafield>
<!-- Separator but not at end of field length=15 -->
  <datafield tag="926" ind1="1" ind2="4">
    <subfield code="4">1</subfield>
  </datafield>
<!-- Separator but not at end of field length=58 -->
</record>
</collection>
